<?xml version="1.0" encoding="UTF-8"?><collection xmlns="http://www.loc.gov/MARC21/slim"><record><leader>00326nam--2200121-i-4500</leader><controlfield tag="001">000037288</controlfield><controlfield tag="002">20161230</controlfield><controlfield tag="005">20161230201041</controlfield><controlfield tag="008">060222s1000------------r-----000-0-eng-d</controlfield><datafield ind1=" " ind2=" " tag="245"><subfield code="a">Problems of low temperature physics and thermodynamics</subfield></datafield><datafield ind1=" " ind2=" " tag="260"><subfield code="a">London, Pergamon Press, 1959, 195p</subfield></datafield><datafield ind1=" " ind2=" " tag="700"><subfield code="a">Itterbeek, Van A</subfield></datafield><datafield ind1=" " ind2=" " tag="852"><subfield code="a">13983</subfield></datafield></record></collection>